@inproceedings{AtighEtAl2022,
  title     = {Hyperbolic image segmentation},
  author    = {Atigh, Mina Ghadimi and Schoep, Julian and Acar, Elmira and Van Noord, Nanne and Mettes, Pascal},
  booktitle = {Proceedings of the IEEE/CVF Conference on Computer Vision and Pattern Recognition (CVPR)},
  year      = {2022}
}

@inproceedings{BecigneulGanea2019,
  title     = {Riemannian adaptive optimization methods},
  author    = {B{\'e}cigneul, Gary and Ganea, Octavian-Eugen},
  booktitle = {International Conference on Learning Representations (ICLR)},
  year      = {2019}
}

@inproceedings{ErmolovEtAl2022,
  title     = {Hyperbolic vision transformers: Combining improvements in metric learning},
  author    = {Ermolov, Aleksandr and Mirvakhabova, Leyla and Khrulkov, Valentin and Sebe, Nicu and Oseledets, Ivan},
  booktitle = {Proceedings of the IEEE/CVF Conference on Computer Vision and Pattern Recognition (CVPR)},
  year      = {2022}
}

@inproceedings{GaneaEtAl2018,
  title     = {Hyperbolic neural networks},
  author    = {Ganea, Octavian-Eugen and B{\'e}cigneul, Gary and Hofmann, Thomas},
  booktitle = {Advances in Neural Information Processing Systems (NeurIPS)},
  year      = {2018}
}

@inproceedings{GulcehreEtAl2019,
  title     = {Hyperbolic attention networks},
  author    = {Gulcehre, Caglar and Denil, Misha and Malinowski, Mateusz and Razavi, Ali and Pascanu, Razvan and Hermann, Karl Moritz and Battaglia, Peter and Bapst, Victor and Raposo, David and Santoro, Adam and de Freitas, Nando},
  booktitle = {International Conference on Learning Representations (ICLR)},
  year      = {2019}
}

@inproceedings{KhrulkovEtAl2020,
  title     = {Hyperbolic image embeddings},
  author    = {Khrulkov, Valentin and Mirvakhabova, Leyla and Ustinova, Evgeniya and Oseledets, Ivan and Lempitsky, Victor},
  booktitle = {Proceedings of the IEEE/CVF Conference on Computer Vision and Pattern Recognition (CVPR)},
  year      = {2020}
}

@inproceedings{NickelKiela2017,
  title     = {Poincar{\'e} embeddings for learning hierarchical representations},
  author    = {Nickel, Maximilian and Kiela, Douwe},
  booktitle = {Advances in Neural Information Processing Systems (NeurIPS)},
  year      = {2017}
}

@article{LiuHeHan2025,
  title   = {Hyperbolic Category Discovery},
  author  = {Liu, Yuzhen and He, Zelin and Han, Keke},
  journal = {arXiv preprint arXiv:2504.06120},
  year    = {2025},
  note    = {(Note: Placeholder date/ID - Update when official)}
}

@book{Hamilton1866,
  title     = {Elements of quaternions},
  author    = {Hamilton, William Rowan},
  year      = {1866},
  publisher = {Longmans, Green, \& Company}
}

@inproceedings{ParcolletEtAl2019,
  title     = {Quaternion recurrent neural networks},
  author    = {Parcollet, Titouan and Morchid, Mohamed and Bousquet, Pierre-Michel and Dufour, Renaud and Linar{\`e}s, Georges and De Mori, Renato},
  booktitle = {International Conference on Learning Representations (ICLR)},
  year      = {2019}
}

@article{GrassucciEtAl2021,
  title   = {Quaternion neural networks: State-of-the-art and research challenges},
  author  = {Grassucci, Eleonora and Comminiello, Danilo and Uncini, Aurelio},
  journal = {IEEE Transactions on Neural Networks and Learning Systems},
  year    = {2021},
  publisher = {IEEE}
}

@inproceedings{GuEtAl2019,
  title     = {Learning Semantic Representations using Diffusion Kernels},
  author    = {Gu, Albert and Sala, Frederic and Gunel, Beliz and R{\'e}, Christopher},
  booktitle = {Advances in Neural Information Processing Systems (NeurIPS)},
  year      = {2019}
}

@book{Ungar2008,
  title     = {Gyrovector spaces and gyrovector space theory},
  author    = {Ungar, Abraham Albert},
  year      = {2008},
  publisher = {Springer}
}

@inproceedings{NickelKiela2018,
  title     = {Learning continuous hierarchies in the Lorentz model of hyperbolic geometry},
  author    = {Nickel, Maximilian and Kiela, Douwe},
  booktitle = {International Conference on Machine Learning (ICML)},
  year      = {2018}
}

@inproceedings{TifreaEtAl2019,
  title     = {Poincar{\'e} Glove: Hyperbolic word embeddings},
  author    = {Tifrea, Alexandru and B{\'e}cigneul, Gary and Ganea, Octavian-Eugen},
  booktitle = {International Conference on Learning Representations (ICLR)},
  year      = {2019}
}

@inproceedings{ChamiEtAl2019,
  title     = {Hyperbolic graph convolutional neural networks},
  author    = {Chami, Ines and Ying, Rex and R{\'e}, Christopher and Leskovec, Jure},
  booktitle = {Advances in Neural Information Processing Systems (NeurIPS)},
  year      = {2019}
}

@inproceedings{ZhangEtAl2021,
  title     = {Hyperbolic graph attention network},
  author    = {Zhang, Yiding and Wang, Xiao and Shi, Chuan and Ye, Yanfang},
  booktitle = {Proceedings of The Web Conference (WWW)},
  year      = {2021}
}

@article{LongLiuYu2021,
  title   = {Hyperbolic graph neural networks: A review},
  author  = {Long, Yuwei and Liu, Yong and Yu, Fandong},
  journal = {arXiv preprint arXiv:2108.08957},
  year    = {2021}
}

@inproceedings{SkopekEtAl2020,
  title     = {Mixed-curvature variational autoencoders},
  author    = {Skopek, Ondrej and Ganea, Octavian-Eugen and B{\'e}cigneul, Gary},
  booktitle = {International Conference on Learning Representations (ICLR)},
  year      = {2020}
}

@article{GuoChenChang2021,
  title   = {Learning mixed-curvature representations in products of model spaces},
  author  = {Guo, Weiling and Chen, Ziyan and Chang, Bo},
  journal = {arXiv preprint arXiv:2110.10119},
  year    = {2021}
}

@inproceedings{ZhouEtAl2019,
  title     = {On the continuity of rotation representations in neural networks},
  author    = {Zhou, Yi and Barnes, Connelly and Lu, Jingwan and Yang, Jimei and Li, Hao},
  booktitle = {Proceedings of the IEEE/CVF Conference on Computer Vision and Pattern Recognition (CVPR)},
  year      = {2019}
}

@inproceedings{WeilerEtAl2018,
  title     = {Learning steerable filters for rotation equivariant {CNNs}},
  author    = {Weiler, Maurice and Hamprecht, Fred A and Storath, Martin},
  booktitle = {Proceedings of the IEEE/CVF Conference on Computer Vision and Pattern Recognition (CVPR)},
  year      = {2018}
}

@inproceedings{CohenWelling2016,
  title     = {Group equivariant convolutional networks},
  author    = {Cohen, Taco and Welling, Max},
  booktitle = {International Conference on Machine Learning (ICML)},
  year      = {2016}
}

@article{FalorsiEtAl2020,
  title   = {Explorations in geometric deep learning},
  author  = {Falorsi, Luigi and others},
  journal = {arXiv preprint arXiv:2007.07203},
  year    = {2020}
}

@article{LezamaEtAl2017,
  title   = {Riemannian stochastic optimization methods for non-convex matrix completion},
  author  = {Lezama, Jose and Qiu, Qilong and Sapiro, Guillermo},
  journal = {arXiv preprint arXiv:1701.00306},
  year    = {2017}
}

@inproceedings{ChenEtAl2018,
  title     = {Neural ordinary differential equations},
  author    = {Chen, Ricky T. Q. and Rubanova, Yulia and Bettencourt, Jesse and Duvenaud, David K.},
  booktitle = {Advances in Neural Information Processing Systems (NeurIPS)},
  year      = {2018}
}

@inproceedings{GrathwohlEtAl2018,
  title     = {{FFJORD}: Free-form continuous dynamics for scalable reversible generative models},
  author    = {Grathwohl, Will and Chen, Ricky T. Q. and Bettencourt, Jesse and Sutskever, Ilya and Duvenaud, David},
  booktitle = {International Conference on Learning Representations (ICLR)},
  year      = {2019}
}

@inproceedings{DupontEtAl2019,
  title     = {Augmented neural {ODEs}},
  author    = {Dupont, Emilien and Doucet, Arnaud and Teh, Yee Whye},
  booktitle = {Advances in Neural Information Processing Systems (NeurIPS)},
  year      = {2019}
}

@inproceedings{MathieuEtAl2020,
  title     = {Riemannian continuous normalizing flows},
  author    = {Mathieu, Emile and Le Lan, C{\'{e}}line and Maddison, Chris J and Tomioka, Ryota and Teh, Yee Whye},
  booktitle = {Advances in Neural Information Processing Systems (NeurIPS)},
  year      = {2020}
}

@inproceedings{DavidsonEtAl2018,
  title     = {Hyperspherical variational auto-encoders},
  author    = {Davidson, Tim R and Falorsi, Luca and De Cao, Nicola and Kipf, Thomas and Tomczak, Jakub M},
  booktitle = {Advances in Neural Information Processing Systems (NeurIPS)},
  year      = {2018}
}

@article{SkopekEtAl2021,
  title   = {Geometric bayesian deep learning: A review},
  author  = {Skopek, Ondrej and others},
  journal = {arXiv preprint arXiv:2107.08957},
  year    = {2021}
}

@article{BronsteinEtAl2017,
  title   = {Geometric deep learning: going beyond euclidean data},
  author  = {Bronstein, Michael M and Bruna, Joan and LeCun, Yann and Szlam, Arthur and Vandergheynst, Pierre},
  journal = {IEEE Signal Processing Magazine},
  year    = {2017},
  volume  = {34},
  number  = {4},
  pages   = {18--42},
  publisher = {IEEE}
}

@article{BronsteinEtAl2021,
  title   = {Geometric deep learning: Grids, groups, graphs, geodesics, and gauges},
  author  = {Bronstein, Michael M and Bruna, Joan and Cohen, Taco and Veli{\v{c}}kovi{\'c}, Petar},
  journal = {arXiv preprint arXiv:2104.13470},
  year    = {2021}
}

@article{KochurovEtAl2020,
  title   = {{Geoopt}: Riemannian Optimization in {PyTorch}},
  author  = {Kochurov, Max and Karimov, Rasul and Kozlukov, Serge},
  year    = {2020},
  journal = {arXiv preprint arXiv:2005.02819},
  note    = {Code: \url{https://github.com/geoopt/geoopt}}
}

@inproceedings{BdeirEtAl2024,
  title     = {Fully Hyperbolic Convolutional Neural Networks for Computer Vision},
  author    = {Bdeir, Ahmad and Schwethelm, Kristian and Landwehr, Niels},
  booktitle = {International Conference on Learning Representations (ICLR)},
  year      = {2024}
}

@article{MettesEtAl2024,
  title   = {Hyperbolic Deep Learning in Computer Vision: A Survey},
  author  = {Mettes, Pascal and Atigh, Mina Ghadimi and Keller-Ressel, Martin and Gu, Jeffrey and Yeung, Serena},
  journal = {International Journal of Computer Vision},
  year    = {2024},
  volume  = {132},
  pages   = {3484--3508},
  publisher = {Springer}
}

@article{MandicaEtAl2023,
  title   = {Hyperbolic Active Learning for Semantic Segmentation under Domain Shift},
  author  = {Mandica, Paolo and Barbano, Caterina A and Avogadri, Riccardo and Cermelli, Fabio and Masone, Carlo and Caputo, Barbara},
  journal = {arXiv preprint arXiv:2306.11180},
  year    = {2023}
}

@article{MhammediEtAl2017,
  title   = {Efficient Orthogonal Parametrisation of Recurrent Neural Networks Using Householder Reflections},
  author  = {Mhammedi, Zakaria and Hellicar, Andrew and Rahman, Ashfaqur and Bailey, James},
  journal = {arXiv preprint arXiv:1705.04107},
  year    = {2017}
}
